% This file was created with JabRef 2.3.1.
% Encoding: UTF8

@BOOK{Gustavii2003,
  title = {How to write and illustrate a scientific paper},
  publisher = {Cambridge University Press},
  year = {2003},
  author = {B. Gustavii},
  isbn = {978-0-521-53024-8},
  keywords = {writing},
  owner = {wbam},
  timestamp = {2008.07.17},
  tub = {0202/C.12.2007 A 807}
}

@online{Chris,
  author = {Chris McCormick},
  title = {Stereo Vison tutorial-part 1},
  year = 2014,
  url = {http://mccormickml.com/2014/01/10/stereo-vision-tutorial-part-i/},
  urldate = {2019-07-10}
}


