% This file was created with JabRef 2.3.1.
% Encoding: UTF8

@online{Chris,
  author = {Chris McCormick},
  title = {Stereo Vison tutorial-part 1},
  year = 2014,
  url = {http://mccormickml.com/2014/01/10/stereo-vision-tutorial-part-i/},
  urldate = {2019-07-10}
}

@inproceedings{harris1988combined,
  title={A combined corner and edge detector.},
  author={Harris, Christopher G and Stephens, Mike and others},
  booktitle={Alvey vision conference},
  volume={15},
  pages={10--5244},
  year={1988},
  organization={Citeseer}
}

@online{NNI,
  author = {MathWorks},
  title = {Nearest Neighbor, Bilinear, and Bicubic Interpolation Methods},
  year = 2014,
  url = {https://de.mathworks.com/help/vision/ug/interpolation-methods.html},
  urldate = {2019-07-10}
}

@article{fouda2015normalize,
  title={Normalize cross correlation algorithm in pattern matching based on 1-D information vector},
  author={Fouda, YM and Khan, Abdul Raouf},
  journal={Trends Appl. Sci. Res},
  volume={10},
  number={4},
  pages={195--206},
  year={2015}
}

@inproceedings{scharstein2014high,
  title={High-resolution stereo datasets with subpixel-accurate ground truth},
  author={Scharstein, Daniel and Hirschm{\"u}ller, Heiko and Kitajima, York and Krathwohl, Greg and Ne{\v{s}}i{\'c}, Nera and Wang, Xi and Westling, Porter},
  booktitle={German conference on pattern recognition},
  pages={31--42},
  year={2014},
  organization={Springer}
}

@article{cantzler1981random,
  title={Random sample consensus (ransac)},
  author={Cantzler, H},
  journal={Institute for Perception, Action and Behaviour, Division of Informatics, University of Edinburgh},
  year={1981},
  publisher={Citeseer}
}